@article{
    UnROOT-2022,
    doi = {10.21105/joss.04452},
    url = {https://doi.org/10.21105/joss.04452},
    year = {2022},
    publisher = {The Open Journal},
    volume = {7},
    number = {76},
    pages = {4452},
    author = {Tamás Gál and Jerry (Jiahong) Ling and Nick Amin},
    title = {UnROOT: an I/O library for the CERN ROOT file format written in Julia},
    journal = {Journal of Open Source Software}
} 
