@article{Julia,
  author = {Bezanson, Jeff. and Edelman, Alan. and Karpinski, Stefan. and Shah, Viral B.},
  title = {Julia: A Fresh Approach to Numerical Computing},
  journal = {SIAM Review},
  volume = {59},
  number = {1},
  pages = {65-98},
  year = {2017},
  doi = {10.1137/141000671},
  URL = { https://doi.org/10.1137/141000671},
  eprint = {https://doi.org/10.1137/141000671}
}

@article{JuliaPerformance,
  title={Performance of julia for high energy physics analyses},
  author={Stanitzki, Marcel and Strube, Jan},
  journal={Computing and Software for Big Science},
  volume={5},
  number={1},
  pages={1--11},
  year={2021},
  publisher={Springer}
}

@software{jim_pivarski_2021_5539722,
  author       = {Jim Pivarski and
                  Henry Schreiner and
                  Nicholas Smith and
                  Chris Burr and
                  Dmitry Kalinkin and
                  Giordon Stark and
                  Nikolai Hartmann and
                  Doug Davis and
                  Ryunosuke O'Neil and
                  Andrzej Novak and
                  Ben Greiner and
                  Beojan Stanislaus and
                  ChristopheRappold and
                  Cosmin Deaconu and
                  Daniel Cervenkov and
                  Jonas Rübenach and
                  Josh Bendavid and
                  Kilian Lieret and
                  Michele Peresano and
                  Raymond Ehlers and
                  Ruggero Turra and
                  Tamas Gal and
                  Alexander Held},
  title        = {scikit-hep/uproot4: 4.1.3},
  month        = sep,
  year         = 2021,
  publisher    = {Zenodo},
  version      = {4.1.3},
  doi          = {10.5281/zenodo.5539722},
  url          = {https://doi.org/10.5281/zenodo.5539722}
}
@software{pivarski_jim_2018_6522027,
  author       = {Pivarski, Jim and
                  Osborne, Ianna and
                  Ifrim, Ioana and
                  Schreiner, Henry and
                  Hollands, Angus and
                  Biswas, Anish and
                  Das, Pratyush and
                  Roy Choudhury, Santam and
                  Smith, Nicholas},
  title        = {Awkward Array},
  month        = oct,
  year         = 2018,
  note         = {If you use this software, please cite it as below.},
  publisher    = {Zenodo},
  version      = {1.9.0rc4},
  doi          = {10.5281/zenodo.6522027},
  url          = {https://doi.org/10.5281/zenodo.6522027}
}
@Article{harris2020array,
 title         = {Array programming with {NumPy}},
 author        = {Charles R. Harris and K. Jarrod Millman and St{\'{e}}fan J.
                 van der Walt and Ralf Gommers and Pauli Virtanen and David
                 Cournapeau and Eric Wieser and Julian Taylor and Sebastian
                 Berg and Nathaniel J. Smith and Robert Kern and Matti Picus
                 and Stephan Hoyer and Marten H. van Kerkwijk and Matthew
                 Brett and Allan Haldane and Jaime Fern{\'{a}}ndez del
                 R{\'{i}}o and Mark Wiebe and Pearu Peterson and Pierre
                 G{\'{e}}rard-Marchant and Kevin Sheppard and Tyler Reddy and
                 Warren Weckesser and Hameer Abbasi and Christoph Gohlke and
                 Travis E. Oliphant},
 year          = {2020},
 month         = sep,
 journal       = {Nature},
 volume        = {585},
 number        = {7825},
 pages         = {357--362},
 doi           = {10.1038/s41586-020-2649-2},
 publisher     = {Springer Science and Business Media {LLC}},
 url           = {https://doi.org/10.1038/s41586-020-2649-2}
}
@software{reback2020pandas,
    author       = {The pandas development team},
    title        = {pandas-dev/pandas: Pandas},
    month        = feb,
    year         = 2020,
    publisher    = {Zenodo},
    version      = {latest},
    doi          = {10.5281/zenodo.3509134},
    url          = {https://doi.org/10.5281/zenodo.3509134}
}
@article{Brun:1997pa,
    author = "Brun, R. and Rademakers, F.",
    editor = "Werlen, M. and Perret-Gallix, D.",
    title = "{ROOT: An object oriented data analysis framework}",
    doi = "10.1016/S0168-9002(97)00048-X",
    journal = "Nucl. Instrum. Meth. A",
    volume = "389",
    pages = "81--86",
    year = "1997"
}

@article{Adri_n_Mart_nez_2016,
	doi = {10.1088/0954-3899/43/8/084001},
	url = {https://doi.org/10.1088%2F0954-3899%2F43%2F8%2F084001},
	year = 2016,
	month = {jun},
	publisher = {{IOP} Publishing},
	volume = {43},
	number = {8},
	pages = {084001},
	author = {S Adri{\'{a}
}n-Mart{\'{\i}}nez and M Ageron and F Aharonian and S Aiello and A Albert and F Ameli and E Anassontzis and M Andre and G Androulakis and M Anghinolfi and G Anton and M Ardid and T Avgitas and G Barbarino and E Barbarito and B Baret and J Barrios-Mart{\'{\i}} and B Belhorma and A Belias and E Berbee and A van den Berg and V Bertin and S Beurthey and V van Beveren and N Beverini and S Biagi and A Biagioni and M Billault and M Bond{\`{\i}} and R Bormuth and B Bouhadef and G Bourlis and S Bourret and C Boutonnet and M Bouwhuis and C Bozza and R Bruijn and J Brunner and E Buis and J Busto and G Cacopardo and L Caillat and M Calamai and D Calvo and A Capone and L Caramete and S Cecchini and S Celli and C Champion and R Cherkaoui El Moursli and S Cherubini and T Chiarusi and M Circella and L Classen and R Cocimano and J A B Coelho and A Coleiro and S Colonges and R Coniglione and M Cordelli and A Cosquer and P Coyle and A Creusot and G Cuttone and A D'Amico and G De Bonis and G De Rosa and C De Sio and F Di Capua and I Di Palma and A F D{\'{\i}}az Garc{\'{\i}}a and C Distefano and C Donzaud and D Dornic and Q Dorosti-Hasankiadeh and E Drakopoulou and D Drouhin and L Drury and M Durocher and T Eberl and S Eichie and D van Eijk and I El Bojaddaini and N El Khayati and D Elsaesser and A Enzenhöfer and F Fassi and P Favali and P Fermani and G Ferrara and C Filippidis and G Frascadore and L A Fusco and T Gal and S Galat{\`{a}} and F Garufi and P Gay and M Gebyehu and V Giordano and N Gizani and R Gracia and K Graf and T Gr{\'{e}}goire and G Grella and R Habel and S Hallmann and H van Haren and S Harissopulos and T Heid and A Heijboer and E Heine and S Henry and J J Hern{\'{a}}ndez-Rey and M Hevinga and J Hofestädt and C M F Hugon and G Illuminati and C W James and P Jansweijer and M Jongen and M de Jong and M Kadler and O Kalekin and A Kappes and U F Katz and P Keller and G Kieft and D Kie{\ss}ling and E N Koffeman and P Kooijman and A Kouchner and V Kulikovskiy and R Lahmann and P Lamare and A Leisos and E Leonora and M Lindsey Clark and A Liolios and C D Llorens Alvarez and D Lo Presti and H Löhner and A Lonardo and M Lotze and S Loucatos and E Maccioni and K Mannheim and A Margiotta and A Marinelli and O Mari{\c{s}} and C Markou and J A Mart{\'{\i}}nez-Mora and A Martini and R Mele and K W Melis and T Michael and P Migliozzi and E Migneco and P Mijakowski and A Miraglia and C M Mollo and M Mongelli and M Morganti and A Moussa and P Musico and M Musumeci and S Navas and C A Nicolau and I Olcina and C Olivetto and A Orlando and A Papaikonomou and R Papaleo and G E P{\u{a}}v{\u{a}}la{\c{s}} and H Peek and C Pellegrino and C Perrina and M Pfutzner and P Piattelli and K Pikounis and G E Poma and V Popa and T Pradier and F Pratolongo and G Pühlhofer and S Pulvirenti and L Quinn and C Racca and F Raffaelli and N Randazzo and P Rapidis and P Razis and D Real and L Resvanis and J Reubelt and G Riccobene and C Rossi and A Rovelli and M Salda{\~{n}}a and I Salvadori and D F E Samtleben and A S{\'{a}}nchez Garc{\'{\i}}a and A S{\'{a}}nchez Losa and M Sanguineti and A Santangelo and D Santonocito and P Sapienza and F Schimmel and J Schmelling and V Sciacca and M Sedita and T Seitz and I Sgura and F Simeone and I Siotis and V Sipala and B Spisso and M Spurio and G Stavropoulos and J Steijger and S M Stellacci and D Stransky and M Taiuti and Y Tayalati and D T{\'{e}}zier and S Theraube and L Thompson and P Timmer and C Tönnis and L Trasatti and A Trovato and A Tsirigotis and S Tzamarias and E Tzamariudaki and B Vallage and V Van Elewyck and J Vermeulen and P Vicini and S Viola and D Vivolo and M Volkert and G Voulgaris and L Wiggers and J Wilms and E de Wolf and K Zachariadou and J D Zornoza and J Z{\'{u}}{\~{n}}iga},
	title = {Letter of intent for {KM}3NeT 2.0},
	journal = {Journal of Physics G: Nuclear and Particle Physics}
}
@article{Ehataht:2020ebp,
    author = {Ehat\"aht, Karl},
    editor = "Doglioni, C. and Kim, D. and Stewart, G. A. and Silvestris, L. and Jackson, P. and Kamleh, W.",
    collaboration = "CMS",
    title = "{NANOAOD: a new compact event data format in CMS}",
    doi = "10.1051/epjconf/202024506002",
    journal = "EPJ Web Conf.",
    volume = "245",
    pages = "06002",
    year = "2020"
}
